@ONLINE{why_tantal,
    author = {Lindsay Dodgson},
    title = {On the trail of tantalum: tracking a conflict mineral - Mining Technology},
    howpublished = {\url{https://www.mining-technology.com/features/featureon-the-trail-of-tantalum-4831288/}},
    month = {April},
    year = {2016},
    note = {(Augerufen am 20.09.2018)}
}
@ONLINE{conflict_minerals,
    author = {{Global Witness}},
    title = {Definition of conflict resources - natural resources in conflict},
    howpublished = {\url{https://web.archive.org/web/20100602192048/http://www.globalwitness.org/pages/en/definition_of_conflict_resources.html}},
    month = {},
    year = {},
    note = {(Augerufen am 14.09.2018)}
}
@ONLINE{tantal_usage,
    author = {{European Commission}},
    title = {BGR. n.d. Weltweite Verwendung von Tantal nach Anwendung im Jahr 2011},
    howpublished = {\url{https://de.statista.com/statistik/daten/studie/587000/umfrage/weltweite-verwendung-von-tantal-nach-anwendung/}},
    month = {Juli},
    year = {2016},
    note = {(Augerufen am 18.09.2018)}
}
@ONLINE{tantal_price,
    author = {{Metalary}},
    title  = {Tantalum Price},
    howpublished = {\url{https://www.metalary.com/tantalum-price/}}
    month  = {September},
    year   = {2018},
    note = {(Augerufen am 21.09.2018)}
}
@REPORT{tantal_price2,
    author = {Frank Marscheider-Weidemann and Sabine Langkau and Torsten Hummen and Lorenz Erdmann and Luis Tercero Espinoza},
    title = {Rohstoffe für Zukunftstechnologien 2016},
    institution = {Fraunhofer-Institut für System- and Innovationsforschung ISI},
    month = {März},
    year  = {2016},
}
@REPORT{USGSMine8,
    author = {Désirée E. Polyak},
    title = {USGS Minerals Information: Niobium (Columbium) and Tantalum},
    institution = {U.S. Geological Survey},
    howpublished = {\url{https:/minerals.usgs.gov/minerals/pubs/commodity/niobium/}},
    month = {Juni},
    year = {2018},
}
@REPORT{Governan35,
    author = {Johanna Sydow and Antonia Reichwein},
    title = {Governance of Mineral Supply Chains of Electronic Devices},
    institution = {Germanwatch},
    howpublished = {\url{https://www.germanwatch.org/de/15532}},
    month = {Juni},
    year = {2018},
}
@ONLINE{new_mine_aus,
    author = {{Westwick-Farrow Pty Ltd}},
    title = {Direct tantalum mining to begin in WA},
    howpublished = {\url{https://www.theguardian.com/global-development/2014/sep/10/congo-miners-minerals-conflict-free}},
    month = {September},
    year = {2014},
    note = {(Augerufen am 20.09.2018)}
}
@ONLINE {DRCongo35,
    author = {Mark Anderson},
    title = {DR Congo’s miners bear brunt of attempts to make minerals conflict-free},
    howpublished = {\url{https://www.theguardian.com/global-development/2014/sep/10/congo-miners-minerals-conflict-free}},
    month = {September},
    year = {2014},
    note = {(Aufgerufen amm 23.09.2018)}
}
@REPORT{HumanDev92,
    author = {Milorad Kovacevic and Jacob Assa and Astra Bonini and Cecilia Calderon and Yu-Chieh Hsu and Christina Lengfelder and Tanni Mukhopadhyay and Shivani Nayyar and Carolina Rivera and Heriberto Tapia},
    title = {Human Development Reports},
    institution = {United Nations Development Programme},
    howpublished = {\url{http://www.hdr.undp.org/en/2018-update}},
    year = {2018},
}
@REPORT{UNDProgramme2018,
    author = {{United Nations Development Programme}},
    title = {Human Development Indices and Indicators},
    institution = {United Nations Development Programme},
    year = {2018},
    howpublished = {\url{http://www.hdr.undp.org/sites/default/files/2018_human_development_statistical_update.pdf}},
}
@BOOK{doevenspeck2012konfliktmineralien,
    title={"Konfliktmineralien": Rohstoffhandel and bewaffnete Konflikte im Ostkongo},
    author={Martin Doevenspeck},
    year={2012},
    publisher={na}
}
@ONLINE{europeancommission,
    author = {{European Commission}},
    title = {Combatting Conflict Minerals},
    howpublished = {\url{http://ec.europa.eu/trade/policy/in-focus/conflict-minerals-regulation/}},
    month = {Juni},
    year = {2017},
    note = {(Augerufen am 22.09.2018)}
}
@ONLINE{Demokrat2,
    author = {Teresa Pfützner},
    title = {Demokratische Republik Kongo: „In Kasai steht die Hölle kurz vor dem Ausbruch“ - WELT},
    howpublished = {\url{https://www.welt.de/politik/ausland/article178845122/Demokratische-Republik-Kongo-In-Kasai-steht-die-Hoelle-kurz-vor-dem-Ausbruch.html}},
    month = {Mai},
    year = {2018},
    note = {(Augerufen am 21.09.2018)}
}
@ONLINE{TheEUCon25,
    author = {Penelope Bergkamp},
    title = {The EU Conflict Minerals Regulation: The Uncertain Effects of Supply Chain Due Diligence – Corporate Finance Lab},
    howpublished = {\url{https://corporatefinancelab.org/2017/07/10/the-eu-conflict-minerals-regulation-the-uncertain-effects-of-supply-chain-due-diligence/}},
    month = {Januar},
    year = {2017},
    note = {(Augerufen am 22.09.2018)}
}
@ONLINE{Obamasc19,
    author = {Sudarsan Raghavan},
    title = {Obama’s conflict minerals law has destroyed everything, say Congo miners},
    howpublished = {\url{https://www.theguardian.com/world/2014/dec/02/conflict-minerals-law-congo-poverty}},
    month = {Dezember},
    year = {2014},
    note = {(Augerufen am 22.09.2018)}
}
@REPORT{Thespoil65,
    author = {Päivi Lujala},
    title = {The spoils of nature: Armed civil conflict and rebel access to natural resources - Päivi Lujala, 2010},
    howpublished = {\url{http://journals.sagepub.com/doi/abs/10.1177/0022343309350015}},
    institution = {Department of Economics, Norwegian University of Science and Technology & International Peace Research Institute},
    month = {Januar},
    year = {2010}
}
@ONLINE{OECProdu81,
    author = {{OEC}},
    title = {Products exported by the Democratic Republic of the Congo (2016)},
    howpublished = {\url{https://atlas.media.mit.edu/en/visualize/tree_map/hs92/export/cod/all/show/2016/}},
    month = {},
    year = {2016},
    note = {(Aufgerufen am 25.09.2018)}
}
@ONLINE{Tantalum12,
    author = {{Geoscience Australia}},
    title = {Tantalum - AIMR 2011 - Australian Mines Atlas},
    howpublished = {\url{http://www.australianminesatlas.gov.au/aimr/commodity/tantalum.html}},
    month = {},
    year = {2013},
    note = {(Aufgerufen am 25.09.2018)}
}
@ONLINE{Didthere42,
    author = {{The Red Flag Group}},
    title = {Did the regulation of conflict minerals actually make a difference to the world?},
    howpublished = {\url{https://www.lexology.com/library/detail.aspx?g=a7e72338-1cd2-48c7-946b-7aab84858e56}},
    month = {Mai},
    year = {2018},
    note = {(Aufgerufen am 25.09.2018)}
}
@REPORT{ober2018mineral,
    title={Mineral commodity summaries 2018},
    author={Joyce A Ober},
    year={2018},
    institution={US Geological Survey}
}
@REPORT{behrendt2007seltene,
    title= {Seltene Metalle: Ma{\ss}nahmen and Konzepte zur L{\"o}sung des Problems konfliktversch{\"a}rfender Rohstoffausbeutung am Beispiel Coltan},
    author= {Siegfried Behrendt and Michael Scharp and Walter Kahlenborn},
    year= {2007},
    institution={Umweltbundesamt f{\"u}r Mensch and Umwelt}
}
@ONLINE{Weltweit69:online,
    author = {{Fraunhofer}},
    title = {Weltweiter Tantalbedarf für ausgewählte Zukunftstechnologien 2013 and 2035},
    howpublished = {\url{https://de.statista.com/statistik/daten/studie/587010/umfrage/tantalnachfrage-ausgewaehlter-zukunftstechnologien-weltweit/}},
    month = {Juli},
    year = {2016},
    note = {(Aufgerufen am 28.09.2018)}
}
@REPORT{reetsch2008effects,
    title= {Effects of Coltan Mining on Properties and Quality of Soils of the Open-Cast Mining District Gatumba, Rwanda},
    author= {Anika Reetsch},
    year= {2008},
    publisher= {TECHNISCHE UNIVERSTI{\"A}T CAROLOWILHELMINA ZU BRAUNSCHWEIG}
}
@ARTICLE{bleischwitz2012coltan,
    title = {Coltan from Central Africa, international trade and implications for any certification},
    author = {Raimund Bleischwitz and Monika Dittrich and Chiara Pierdicca},
    journal = {Resources Policy},
    volume = {37},
    number = {1},
    pages = {19--29},
    year = {2012},
    publisher = {Elsevier}
}
@ONLINE{Coltanam17:online,
    author = {Jennifer Wells},
    title = {Coltan a minefield in the Congo},
    howpublished = {\url{https://www.thestar.com/news/insight/2011/07/03/coltan_a_minefield_in_the_congo.html}},
    month = {Juli},
    year = {2011},
    note = {(Aufgerufen am 23.09.2018)}
}
@REPORT{environmental_management,
    author={Bernd Lehmann and Michael Biryabarema and Andrew Muwanga },
    title={Coltan environmental management: Sustainable restitution/recultivation
    of artisanal tantalum mining wasteland in Central Africa - a pilot study},
    howpublished = {\url{https://www.ielf.tu-clausthal.de/fileadmin/user_upload/lager/Dar_es_Salaam2009.pdf}},
    year = {2009},
    note = {(Aufgerufen am 24.09.2018)}
}
@ONLINE{Coltanmi34:online,
    author={{iphoneproj2011}},
    title = {Coltan mining \& its environmental impacts},
    howpublished = {\url{https://iphoneproj2011.wordpress.com/2011/04/19/coltan-mining-its-environmental-impacts/}},
    month = {April},
    year = {2011},
    note = {(Aufgerufen am 28.09.2018)}
}